@book{
	Rogers,
	author="Роджерс, Д.",
	title="Алгоритмические основы машинной графики",
	publisher="М: Мир",
	year=1989,
	pages=501
}

@book{
	Newman,
	author="Newman, William M.; Sproull Robert F.",
	title="Principle of interactive computer graphic",
	publisher="McGraw-Hill College",
	series="McGraw-Hill computer science series",
	year=1978,
	pages=541
}

@misc{
	steam,
	title="Данные об оборудовании пользователей Steam [Электронный ресурс]",
	howpublished="URL: \url{https://store.steampowered.com/hwsurvey/} (Дата обращения: 12.10.2019)"
}

@misc{
	opengl,
	title="OpenGL FAQ/Depth Buffer [Электронный ресурс]",
	howpublished="URL: \url{https://www.khronos.org/opengl/wiki/FAQ/Depth_Buffer} (Дата обращения: 25.10.2019)"
}

@misc{
	directx,
	title="Depth Buffers (Direct3D 9) [Электронный ресурс]",
	howpublished="URL: \url{https://docs.microsoft.com/en-us/windows/win32/direct3d9/depth-buffers} (Дата обращения: 25.10.2019)"
}

@misc{
	nvidia,
	title="NVIDIA, Adobe to Bring Interactive, Photo-Real Ray Tracing to Millions of Graphic Designers [Электронный ресурс]",
	howpublished="URL: \url{https://blogs.nvidia.com/blog/2018/10/15/adobe-max-interactive-photo-real-ray-tracing/} (Дата обращения: 25.10.2019)"
}

@book{
	Dunn,
	author="Dunn F.",
	title="3D Math Primer for Graphics and Game Developmen",
	publisher="Taylor and Francis Group, LLC",
	year=2011,
	pages=845
}

@misc{
	cpp17,
	title="Working Draft, Standard for Programming Language C++",
	howpublished="URL: \url{http://www.open-std.org/jtc1/sc22/wg21/docs/papers/2017/n4713.pdf}",
	year=2017
}

@misc{
	qt,
	title="Qt Documentation [Электронный ресурс]",
	howpublished="URL: \url{https://doc.qt.io/} (Дата обращения: 21.10.2019)"
}

@book{
	Gamma,
	author="Э. Гамма",
	title="Приемы объектно-ориентированного проектирования. Паттерны проектирования",
	publisher="СПб.: Питер",
	year=207,
	pages=366
}

@misc{
	clang,
	title="Clang Static Analyzer Documentation [Электронный ресурс]",
	howpublished="URL: \url{https://clang.llvm.org/docs/ClangStaticAnalyzer.html} (Дата обращения: 23.10.2019)"
}

@misc{
	valgrind,
	title="Valgrind Documentation [Электронный ресурс]",
	howpublished="URL: \url{https://valgrind.org/docs/} (Дата обращения: 23.10.2019)"
}
